
@BOOK{emiR,
   author = "Emiliano E. Knuth",
   title= "The {{\TeX}book}",
   publisher = "Emiliano-Wesley",
   year = 1991 }

@BOOK{texbook,
   author = "Donald E. Knuth",
   title= "The {{\TeX}book}",
   publisher = "Addison-Wesley",
   year = 1984 }

@BOOK{latex,
   author = "Leslie Lamport",
   title = "{\LaTeX:} {A} Document Preparation System",
   publisher = "Addison-Wesley",
   year = 1986 }

% ---------------------------- CHAPTER 1 ---------------------------------

@online{SDNReadingList,
  title = {Compendio de referencia de SDN},
  year = 2015,
  url = {https://sites.google.com/site/sdnreadinglist/},
  urldate = {2015-05-26}
}

@misc{Internet2,
  title = {Internet 2 sitio oficial},
  note = {url: \url{http://www.internet2.edu/}, ultimo acceso Mayo 2015},
  year={2015}
}

@misc{Canarie,
  title = {CANARIE sitio oficial, CA*net4},
  note = {url: \url{http://www.canarie.ca/}, ultimo acceso Mayo 2015},
  year={2015}
}

@misc{GEANT,
  title = {GÃ‰ANT Project sitio oficial},
  note = {url: \url{http://www.geant.net/Pages/default.aspx}, ultimo acceso Mayo 2015},
  year={2015}
}

@misc{APAN,
  title = {Asia Pacific Advanced Network(APAN)},
  note = {url: \url{https://www.apan.net/}, ultimo acceso Mayo 2015},
  year={2015}
}



% ------------------------------------------------------------------------

@online{ProdTestManual,
  title = {{NetFPGA} Production Test Manual},
  year = 2015,
  url = {https://github.com/NetFPGA/NetFPGA-public/wiki/Production%20Test%20Manual},
  urldate = {2015-05-04}
}

@online{RefFlashProj,
  title = {{NetFPGA} Reference Flash},
  year = 2015,
  url = {https://github.com/NetFPGA/NetFPGA-public/wiki/NetFPGA%2010G%20Reference%20Flash},
  urldate = {2015-05-04}
}

@online{PCIEProgProject,
  title = {{NetFPGA} PCIE Programming},
  year = 2015,
  url = {https://github.com/NetFPGA/NetFPGA-public/wiki/PCIE-Programming},
  urldate = {2015-05-04}
}

@online{ReferenceSwitchProject,
  title = {{NetFPGA} Learning CAM Switch},
  year = 2015,
  url = {https://github.com/NetFPGA/NetFPGA-public/wiki/NetFPGA-10G-Learning-CAM-Switch},
  urldate = {2015-05-04}
}

@online{ReferenceRouterProject,
  title = {{NetFPGA} Reference Router},
  year = 2015,
  url = {https://github.com/NetFPGA/NetFPGA-public/wiki/NetFPGA-10G-Reference-Router},
  urldate = {2015-05-04}
}

@online{OVSSourceCode,
  title = {{Open vSwitch} Repositorio de codigo fuente},
  year = 2015,
  url = {https://github.com/openvswitch/ovs},
  urldate = {2015-05-04}
}

@ARTICLE{LDPRFC,
 author={ L. Andersson and Acreo AB and I. Minei},
 title={{LDP Specification} RFC5036},
 journal={Network Working Group},
 year={1996},
}

%---------------------------------------------------- CHAPTER 2 --------------------------------------------------

@Book{SDNBook1,
   author =	 "Siamak Azodolmolky",
   title = 	 "Software Defined Networking with OpenFlow, 
	 	 Get hands on withe the platforms and development tools used to build OpenFlow network applications.",
   publisher =	 "Packt Publishing",
   year = 	 "October 2013",
   address =	 "35 Livery Street",
   edition =	 "Published by Packt Publishing Ltd.",
   isbn =	 "978 1 84969 872 6"
 }

@article{StateOfArt1,
  title={A survey of software-defined networking: Past, present, and future of programmable networks},
  author={Nunes, B and Mendonca, Marc and Nguyen, X and Obraczka, Katia and Turletti, Thierry},
  year={2014},
  publisher={IEEE}
}

@article{StateOfArt2,
  title={The road to SDN},
  author={Feamster, Nick and Rexford, Jennifer and Zegura, Ellen},
  journal={Queue},
  volume={11},
  number={12},
  pages={20},
  year={2013},
  publisher={ACM}
}

@article{campbell1999open,
  title={Open signaling for ATM, internet and mobile networks (OPENSIG'98)},
  author={Campbell, Andrew T and Katzela, Irene and Miki, Kazuho and Vicente, John},
  journal={ACM SIGCOMM Computer Communication Review},
  volume={29},
  number={1},
  pages={97--108},
  year={1999},
  publisher={ACM}
}

@misc{doria2002general,
  title={General switch management protocol (GSMP) V3},
  author={Doria, Avri and Hellstrand, Fiffi and Sundell, Kenneth and Worster, Tom},
  year={2002},
  publisher={Internet Engineering Task Force}
}

@article{tennenhouse1997survey,
  title={A survey of active network research},
  author={Tennenhouse, David L and Smith, Jonathan M and Sincoskie, W David and Wetherall, David J and Minden, Gary J},
  journal={Communications Magazine, IEEE},
  volume={35},
  number={1},
  pages={80--86},
  year={1997},
  publisher={IEEE}
}


@inproceedings{tennenhouse2002towards,
  title={Towards an active network architecture},
  author={Tennenhouse, David L and Wetherall, David J},
  booktitle={DARPA Active NEtworks Conference and Exposition, 2002. Proceedings},
  pages={2--15},
  year={2002},
  organization={IEEE}
}

@inproceedings{moore2001towards,
  title={Towards practical programmable packets},
  author={Moore, Jonathan T and Nettles, Scott M},
  booktitle={Proceedings of the 20th Conference on Computer Communications (INFOCOM). Citeseer},
  year={2001},
  organization={Citeseer}
}

@inproceedings{feamster2004case,
  title={The case for separating routing from routers},
  author={Feamster, Nick and Balakrishnan, Hari and Rexford, Jennifer and Shaikh, Aman and Van Der Merwe, Jacobus},
  booktitle={Proceedings of the ACM SIGCOMM workshop on Future directions in network architecture},
  pages={5--12},
  year={2004},
  organization={ACM}
}

@inproceedings{caesar2005design,
  title={Design and implementation of a routing control platform},
  author={Caesar, Matthew and Caldwell, Donald and Feamster, Nick and Rexford, Jennifer and Shaikh, Aman and van der Merwe, Jacobus},
  booktitle={Proceedings of the 2nd conference on Symposium on Networked Systems Design \& Implementation-Volume 2},
  pages={15--28},
  year={2005},
  organization={USENIX Association}
}

@article{doria2010forwarding,
  title={Forwarding and control element separation (ForCES) protocol specification},
  author={Doria, Avri and Salim, J Hadi and Haas, Robert and Khosravi, Horzmud and Wang, Weiming and Dong, Ligang and Gopal, Ram and Halpern, Joel},
  journal={Internet Requests for Comments, RFC Editor, RFC},
  volume={5810},
  year={2010}
}

@inproceedings{rexford2004network,
  title={Network-wide decision making: Toward a wafer-thin control plane},
  author={Rexford, Jennifer and Greenberg, Albert and Hjalmtysson, Gisli and Maltz, David A and Myers, Andy and Xie, Geoffrey and Zhan, Jibin and Zhang, Hui},
  booktitle={Proc. HotNets},
  pages={59--64},
  year={2004}
}

@article{greenberg2005clean,
  title={A clean slate 4D approach to network control and management},
  author={Greenberg, Albert and Hjalmtysson, Gisli and Maltz, David A and Myers, Andy and Rexford, Jennifer and Xie, Geoffrey and Yan, Hong and Zhan, Jibin and Zhang, Hui},
  journal={ACM SIGCOMM Computer Communication Review},
  volume={35},
  number={5},
  pages={41--54},
  year={2005},
  publisher={ACM}
}

@manual{ONFSuccessCase,
 author = {Migration Working Group},
 title = {ONF Migration Use Cases and Methods},
 date = {November 24, 2014},
 OPTlanguage = {English},
 OPTversion = {Version 2.2.x},
 OPTorganization = {ONF},
 OPTpagetotal = {61},
 OPTpubstate = {November 16, 2011},
}

@inproceedings{jain2013b4,
  title={B4: Experience with a globally-deployed software defined WAN},
  author={Jain, Sushant and Kumar, Alok and Mandal, Subhasree and Ong, Joon and Poutievski, Leon and Singh, Arjun and Venkata, Subbaiah and Wanderer, Jim and Zhou, Junlan and Zhu, Min and others},
  booktitle={ACM SIGCOMM Computer Communication Review},
  volume={43},
  number={4},
  pages={3--14},
  year={2013},
  organization={ACM}
}

@article{mckeown2008openflow,
  title={OpenFlow: enabling innovation in campus networks},
  author={McKeown, Nick and Anderson, Tom and Balakrishnan, Hari and Parulkar, Guru and Peterson, Larry and Rexford, Jennifer and Shenker, Scott and Turner, Jonathan},
  journal={ACM SIGCOMM Computer Communication Review},
  volume={38},
  number={2},
  pages={69--74},
  year={2008},
  publisher={ACM}
}

@online{NetFPGA,
  title = {{NetFPGA} Sitio del proyecto},
  url = {http://www.netfpga.org/},
  year={2015},
  urldate = {2015-05-15}
}

@inproceedings{heller2012controller,
  title={The controller placement problem},
  author={Heller, Brandon and Sherwood, Rob and McKeown, Nick},
  booktitle={Proceedings of the first workshop on Hot topics in software defined networks},
  pages={7--12},
  year={2012},
  organization={ACM}
}

@inproceedings{levin2012logically,
  title={Logically centralized?: state distribution trade-offs in software defined networks},
  author={Levin, Dan and Wundsam, Andreas and Heller, Brandon and Handigol, Nikhil and Feldmann, Anja},
  booktitle={Proceedings of the first workshop on Hot topics in software defined networks},
  pages={1--6},
  year={2012},
  organization={ACM}
}

@inproceedings{hassas2012kandoo,
  title={Kandoo: a framework for efficient and scalable offloading of control applications},
  author={Hassas Yeganeh, Soheil and Ganjali, Yashar},
  booktitle={Proceedings of the first workshop on Hot topics in software defined networks},
  pages={19--24},
  year={2012},
  organization={ACM}
}

@misc{koponen2014distributed,
  title={Distributed control platform for large-scale production networks},
  author={Koponen, Teemu and Casado, Martin and Gude, Natasha and Stribling, Jeremy},
  year={2014},
  month=sep # "~9",
  publisher={Google Patents},
  note={US Patent 8,830,823}
}

@inproceedings{tootoonchian2010hyperflow,
  title={HyperFlow: A distributed control plane for OpenFlow},
  author={Tootoonchian, Amin and Ganjali, Yashar},
  booktitle={Proceedings of the 2010 internet network management conference on Research on enterprise networking},
  pages={3--3},
  year={2010},
  organization={USENIX Association}
}

@article{sherwood2010carving,
  title={Carving research slices out of your production networks with OpenFlow},
  author={Sherwood, Rob and Chan, Michael and Covington, Adam and Gibb, Glen and Flajslik, Mario and Handigol, Nikhil and Huang, Te-Yuan and Kazemian, Peyman and Kobayashi, Masayoshi and Naous, Jad and others},
  journal={ACM SIGCOMM Computer Communication Review},
  volume={40},
  number={1},
  pages={129--130},
  year={2010},
  publisher={ACM}
}

@inproceedings{casado2007ethane,
  title={Ethane: taking control of the enterprise},
  author={Casado, Martin and Freedman, Michael J and Pettit, Justin and Luo, Jianying and McKeown, Nick and Shenker, Scott},
  booktitle={ACM SIGCOMM Computer Communication Review},
  volume={37},
  number={4},
  pages={1--12},
  year={2007},
  organization={ACM}
}

@article{yu2011scalable,
  title={Scalable flow-based networking with DIFANE},
  author={Yu, Minlan and Rexford, Jennifer and Freedman, Michael J and Wang, Jia},
  journal={ACM SIGCOMM Computer Communication Review},
  volume={41},
  number={4},
  pages={351--362},
  year={2011},
  publisher={ACM}
}

@online{Mininet1,
  title = {{Mininet} Entorno de emulacion virtual},
  url = {http://mininet.org/},
  year={2015},
  urldate = {2015-05-17}
}

@online{ControllersNOX,
  title = {{NOX} Controller},
  url = {http://www.noxrepo.org/nox/about-nox/},
  year={2015},
  urldate = {2014-10-06}
}

@online{ControllersPOX,
  title = {{NOX} Controller},
  url = {http://www.noxrepo.org/pox/about-pox/},
  year={2015},
  urldate = {2014-10-06}
}

@online{ControllersOpenMUL,
  title = {{OpenMUL} Controller},
  url = {http://kulcloud.wordpress.com/},
  year={2015},
  urldate = {2014-10-06}
}

@online{ControllersMaestro,
  title = {{Maestro} Controller},
  url = {https://code.google.com/p/maestro-platform/},
  year={2015},
  urldate = {2014-10-06}
}

@online{ControllersTrema,
  title = {{Maestro} Controller},
  url = {http://trema.github.io/trema/},
  year={2015},
  urldate = {2014-10-06}
}

@online{ControllersBeacon,
  title = {{Beacon} Controller},
  url = {https://openflow.stanford.edu/display/Beacon/Home},
  year={2015},
  urldate = {2014-10-06}
}

@online{ControllersJaxon,
  title = {{Jaxon} Controller},
  url = {http://jaxon.onuos.org/wp/?page_id=12},
  year={2015},
  urldate = {2014-10-06}
}

@online{ControllersHelios,
  title = {{Helio} Controller},
  url = {http://www.nec.com/},
  year={2015},
  urldate = {2014-10-06}
}

@online{ControllersFloodlight,
  title = {{Floodlight} Controller},
  url = {http://www.projectfloodlight.org/floodlight/},
  year={2015},
  urldate = {2014-10-06}
}

@online{ControllersSNAC,
  title = {{SNAC} Controller},
  url = {http://www.openflowhub.org/display/Snac/SNAC+Home},
  year={2015},
  urldate = {2014-10-06}
}

@online{ControllersRyu,
  title = {{Ryu} Controller},
  url = {http://osrg.github.io/ryu/},
  year={2015},
  urldate = {2014-10-06}
}

@online{ControllersNodeFlow,
  title = {{NodeFlow} Controller},
  url = {https://github.com/dreamerslab/node.flow},
  year={2015},
  urldate = {2014-10-06}
}

@online{ControllersNodeFlow,
  title = {{NodeFlow} Controller},
  url = {https://github.com/dreamerslab/node.flow},
  year={2015},
  urldate = {2014-10-06}
}

@online{ControllersFlowvisor,
  title = {{Flowvisor} Controller},
  url = {https://github.com/OPENNETWORKINGLAB/flowvisor/wiki},
  year={2015},
  urldate = {2014-10-06}
}

@online{ControllersRouteflow,
  title = {{Routeflow} Controller},
  url = {http://cpqd.github.io/RouteFlow/},
  year={2015},
  urldate = {2014-10-06}
}

@online{ControllersOpendaylight,
  title = {{OpenDaylight} Controller},
  url = {http://www.opendaylight.org/},
  year={2015},
  urldate = {2014-10-06}
}

@article{rosen2001multiprotocol,
  title={Multiprotocol label switching architecture},
  author={Rosen, Eric and Viswanathan, Arun and Callon, Ross and others},
  year={2001},
  publisher={rfc 3031, January}
}

@misc{rosen2001mpls,
  title={MPLS label stack encoding},
  author={Rosen, Eric and Rekhter, Yakov and Tappan, D and Farinacci, Dino and Fedorkow, Guy and Li, Tony and Conta, Alex},
  year={2001},
  publisher={RFC 3032, January}
}

@techreport{nadeau2004multiprotocol,
  title={Multiprotocol label switching MPLS forwarding equivalence class to next hop label forwarding entry FEC-To-NHLFE management information base MIB},
  author={Nadeau, T and Srinivasan, C and Bloomberg, LP and Viswanathan, A},
  year={2004},
  institution={RFC 3814}
}

@online{NetFPGA1,
  title = {{NetFPGA} Plataform},
  url = {http://netfpga.org/index.html},
  year={2015},
  urldate = {2014-10-06}
}

@online{NetFPGA2,
  title = {{NetFPGA-1G} Lista de proyectos para la plataforma},
  url = {http://netfpga.org/site/#/systems/4netfpga-1g/applications/},
  year={2015},
  urldate = {2015-05-18}
}

@online{NetFPGA4,
  title = {{NetFPGA} Publicaciones academicas},
  url = {http://netfpga.org/site/#/publications/},
  year={2015},
  urldate = {2015-05-18}
}

@online{NetFPGA5,
  title = {{NetFPGA} DescripciÃ³n de Test de ProducciÃ³n NetFPGA-10},
  url = {https://github.com/NetFPGA/NetFPGA-public/wiki/NetFPGA-10G-Production-Test},
  year={2015},
  urldate = {2015-05-18}
}

@online{NetFPGA6,
  title = {{NetFPGA} Manual de Test de ProduciÃ³n NetFPGA-10G},
  url = {https://github.com/NetFPGA/NetFPGA-public/wiki/Production%20Test%20Manual},
  year={2015},
  urldate = {2015-05-18}
}

@online{NetFPGA7,
  title = {{NetFPGA} DescripciÃ³n de RLDRAM Test NetFPGA-10G},
  url = {https://github.com/NetFPGA/NetFPGA-public/wiki/NetFPGA-10G%20RLDRAM%20Test},
  year={2015},
  urldate = {2015-05-18}
}

@misc{NetFPGA8,
  title = {Manual de ejecucion test RLDRAM NetFPGA-10G},
  author = {NetFPGA},
  note = {url: \url{https://github.com/NetFPGA/NetFPGA-public/wiki/RLDRAM%20Test%20Manual}, ultimo acceso Mayo 2015},
  year={2015}
}

@article{rose1990structure,
  title={Structure and Identification of Management Information for TCP/IP-based internets},
  author={Rose, Marshall T and McCloghrie, Keith},
  journal={Structure},
  year={1990}
}

@misc{case1989simple,
  title={A simple network management protocol (SNMP)},
  author={Case, Jeffery and Fedor, Mark and Schoffstall, Martin and Davin, C},
  year={1989},
  publisher={Network Information Center, SRI International}
}

@misc{ofv133spec,
  title = {Specification OpenFlow Switch, pages 70--71},
  author = {ONF},
  year={Agosto 2012}
}

@misc{Antel,
  title = {Servicios de redes privadas},
  author = {Antel},
  note = {url: \url{http://www.antel.com.uy/antel/empresas/datos-e-internet/redes-privadas/redes-privadas-fijas}, ultimo acceso Mayo 2015},
  year={2015}
}

@misc{Ofelia,
  title = {{Ofelia} OpenFlow in Europe: Linking Infrastructure and Applications},
  note = {url: \url{http://www.fp7-ofelia.eu/}, ultimo acceso Mayo 2015},
  year={2015}
}

@misc{Pica8,
  title = {{Pica8} Whitebox SDN},
  note = {url: \url{http://www.pica8.com/}, ultimo acceso Mayo 2015},
  year={2015}
}

@misc{HP,
  title = {{HP} Productos compatibles con OpenFlow},
  note = {url: \url{http://h17007.www1.hp.com/uy/es/solutions/technology/openflow/index.aspx}, ultimo acceso Mayo 2015},
  year={2015}
}

@misc{Centec,
  title = {{Centec Networks} Whitebox solutions for SDN},
  note = {url: \url{https://www.opennetworking.org/listings/centec-networks}, ultimo acceso Mayo 2015},
  year={2015}
}

@misc{SDNProductlist,
  title = {Lista de productos compatibles con SDN},
  note = {url: \url{https://www.opennetworking.org/products-listing}, ultimo acceso Mayo 2015},
  year={2015}
}

@article{rosen1999bgp,
  title={Bgp/mpls vpns},
  author={Rosen, Eric C and Rekhter, Yakov},
  year={1999}
}


@online{ford,
	author = {Ford, Rebecca},
	title  = {Earthquake: Twitter Users Learned of Tremors
          Seconds Before Feeling Them},
	date   = {2011-08},
	url    = {http://www.hollywoodreporter.com/news/earthquake-twitter-users-learned-tremors-226481}
}

@article{gude2008nox,
  title={NOX: towards an operating system for networks},
  author={Gude, Natasha and Koponen, Teemu and Pettit, Justin and Pfaff, Ben and Casado, Mart{\'\i}n and McKeown, Nick and Shenker, Scott},
  journal={ACM SIGCOMM Computer Communication Review},
  volume={38},
  number={3},
  pages={105--110},
  year={2008},
  publisher={ACM}
}


% ----------------------------------------- Apendice 1 ------------------------------------

@misc{NetFPGABetaMailing,
  title = {Lista de correos NetFPGA-nf10g-beta},
  note = {url: \url{cl-netfpga-nf10g-beta@lists.cam.ac.uk}, ultimo acceso Mayo 2015},
  year={2015}
}


